@inproceedings{PeakSeg,
  title={{PeakSeg: constrained optimal segmentation and supervised
                  penalty learning for peak detection in count data}},
  author={Toby Dylan Hocking and Guillem Rigaill and Guillaume Bourque},
  booktitle={Proc. 32nd ICML},
  pages = {324--332},
  year={2015}
}
ï»¿@Article{FPOP,
author="Maidstone, Robert
and Hocking, Toby
and Rigaill, Guillem
and Fearnhead, Paul",
title="On optimal multiple changepoint algorithms for large data",
journal="Statistics and Computing",
year="2016",
pages="1--15",
issn="1573-1375"
}
